
@article{robotics,
author = {Kober, Jens and Bagnell, J. Andrew and Peters, Jan},
title = {Reinforcement Learning in Robotics: A Survey},
year = {2013},
issue_date = {September 2013},
publisher = {Sage Publications, Inc.},
address = {USA},
volume = {32},
number = {11},
issn = {0278-3649},
url = {https://doi.org/10.1177/0278364913495721},
doi = {10.1177/0278364913495721},
journal = {Int. J. Rob. Res.},
month = sep,
pages = {1238â€“1274},
numpages = {37},
keywords = {survey, learning control, robot, Reinforcement learning}
}

@article{mnih2015humanlevel,
  added-at = {2015-08-26T14:46:40.000+0200},
  author = {Mnih, Volodymyr and Kavukcuoglu, Koray and Silver, David and Rusu, Andrei A. and Veness, Joel and Bellemare, Marc G. and Graves, Alex and Riedmiller, Martin and Fidjeland, Andreas K. and Ostrovski, Georg and Petersen, Stig and Beattie, Charles and Sadik, Amir and Antonoglou, Ioannis and King, Helen and Kumaran, Dharshan and Wierstra, Daan and Legg, Shane and Hassabis, Demis},
  biburl = {https://www.bibsonomy.org/bibtex/2fb15f4471c81dc2b9edf2304cb2f7083/hotho},
  description = {Human-level control through deep reinforcement learning - nature14236.pdf},
  interhash = {eac59980357d99db87b341b61ef6645f},
  intrahash = {fb15f4471c81dc2b9edf2304cb2f7083},
  issn = {00280836},
  journal = {Nature},
  keywords = {deep learning toread},
  month = feb,
  number = 7540,
  pages = {529--533},
  publisher = {Nature Publishing Group, a division of Macmillan Publishers Limited. All Rights Reserved.},
  timestamp = {2015-08-26T14:46:40.000+0200},
  title = {Human-level control through deep reinforcement learning},
  url = {http://dx.doi.org/10.1038/nature14236},
  volume = 518,
  year = 2015
}

@article{chess,
author = {Silver, David and Hubert, Thomas and Schrittwieser, Julian and Antonoglou, Ioannis and Lai, Matthew and Guez, Arthur and Lanctot, Marc and Sifre, Laurent and Kumaran, Dharshan and Graepel, Thore and Lillicrap, Timothy and Simonyan, Karen and Hassabis, Demis},
year = {2017},
month = {12},
pages = {},
title = {Mastering Chess and Shogi by Self-Play with a General Reinforcement Learning Algorithm}
}
