@article{Mnih2013PlayingAW,
  title={Playing Atari with Deep Reinforcement Learning},
  author={Volodymyr Mnih and Koray Kavukcuoglu and David Silver and Alex Graves and Ioannis Antonoglou and Daan Wierstra and Martin A. Riedmiller},
  journal={ArXiv},
  year={2013},
  volume={abs/1312.5602}
}

@article{mnih2015humanlevel,
  added-at = {2015-08-26T14:46:40.000+0200},
  author = {Mnih, Volodymyr and Kavukcuoglu, Koray and Silver, David and Rusu, Andrei A. and Veness, Joel and Bellemare, Marc G. and Graves, Alex and Riedmiller, Martin and Fidjeland, Andreas K. and Ostrovski, Georg and Petersen, Stig and Beattie, Charles and Sadik, Amir and Antonoglou, Ioannis and King, Helen and Kumaran, Dharshan and Wierstra, Daan and Legg, Shane and Hassabis, Demis},
  biburl = {https://www.bibsonomy.org/bibtex/2fb15f4471c81dc2b9edf2304cb2f7083/hotho},
  description = {Human-level control through deep reinforcement learning - nature14236.pdf},
  interhash = {eac59980357d99db87b341b61ef6645f},
  intrahash = {fb15f4471c81dc2b9edf2304cb2f7083},
  issn = {00280836},
  journal = {Nature},
  keywords = {deep learning toread},
  month = feb,
  number = 7540,
  pages = {529--533},
  publisher = {Nature Publishing Group, a division of Macmillan Publishers Limited. All Rights Reserved.},
  timestamp = {2015-08-26T14:46:40.000+0200},
  title = {Human-level control through deep reinforcement learning},
  url = {http://dx.doi.org/10.1038/nature14236},
  volume = 518,
  year = 2015
}

@article{Schaul2016PrioritizedER,
  title={Prioritized Experience Replay},
  author={Tom Schaul and John Quan and Ioannis Antonoglou and David Silver},
  journal={CoRR},
  year={2016},
  volume={abs/1511.05952}
}

@inproceedings{Hasselt2016DeepRL,
  title={Deep Reinforcement Learning with Double Q-Learning},
  author={Hado van Hasselt and Arthur Guez and David Silver},
  booktitle={AAAI},
  year={2016}
}

@book{Sutton1998,
  added-at = {2019-07-13T10:11:53.000+0200},
  author = {Sutton, Richard S. and Barto, Andrew G.},
  biburl = {https://www.bibsonomy.org/bibtex/2f46601cf8b13d39d1378af0d79438b12/lanteunis},
  edition = {Second},
  interhash = {ac6b144aaec1819919a2fba9f705c852},
  intrahash = {f46601cf8b13d39d1378af0d79438b12},
  keywords = {},
  publisher = {The MIT Press},
  timestamp = {2019-07-13T10:11:53.000+0200},
  title = {Reinforcement Learning: An Introduction},
  url = {http://incompleteideas.net/book/the-book-2nd.html},
  year = {2018 }
}

@article{watkins,
author = {Watkins, Christopher},
year = {1989},
month = {01},
pages = {},
title = {Learning From Delayed Rewards}
}

@article{gym,
  title={OpenAI Gym},
  author={Greg Brockman and Vicki Cheung and Ludwig Pettersson and Jonas Schneider and John Schulman and Jie Tang and Wojciech Zaremba},
  journal={ArXiv},
  year={2016},
  volume={abs/1606.01540}
}

@ARTICLE{control,  author={D. {Ernst} and M. {Glavic} and F. {Capitanescu} and L. {Wehenkel}},  journal={IEEE Transactions on Systems, Man, and Cybernetics, Part B (Cybernetics)},   title={Reinforcement Learning Versus Model Predictive Control: A Comparison on a Power System Problem},   year={2009},  volume={39},  number={2},  pages={517-529},}
